@incollection{becker2012,
    author  = {Ansgar Schwegmann and Michael Laske},
    title   = {{Istmodellierung und Istanalyse}},
    year    = {2012},
    pages   = {165-192},
    editor  = {Joerg Becker and Michael Rosemann and Martin Kugeler},
    booktitle = {Prozessmanagement},
    booksubtitle = {Ein Leitfaden zur prozessorientierten Organisationsgestaltung},
    edition = {7},
    publisher = {Springer Gabler},
    location = {Berlin}
 }
@inbook{mertens2012,
    author = "Peter Mertens and Freimut Bodendorf and Wolfgang König and Arnold Picot and Matthias Schumann and Thomas Hess",
    title = "Grundzüge der Wirtschaftsinformatik",
    publisher = "Springer Gabler",
    edition = {11},
    year = "2012",
    chapter = "4.2",
    location = {Berlin}
}
@article{stein2000,
    author =       {Torsten Stein},
    title =        {Intranet-Organisation},
    journal =      {Wirtschaftsinformatik},
    volume =       {42},
    number =       {10},
    pages =        {310--317},
    year =         {2000}
}
