@book{Kielhorn-Context,
	author    = {Axel Kielhorn},
	title     = {ConTeXt Intro},
	publisher = {LÃ¤ufer Verlag},
	location  = {Kirchlinteln, Kirchgellersen, Gelsenkirchen},
	year      = 2018,}

@article{Kielhorn-Ziele-TUGboat,
	Author        = {Axel Kielhorn},
	Journal       = {TUGboat},
	Volume        = {32},
	Title         = {{Multi-target publishing}},
	Year          = {2011}}

@article{Kielhorn-Ziele-dtk,
	Author        = {Axel Kielhorn},
	Journal       = {Die \TeX nische Kom{\"o}die},
	Volume        = {3},
	Pages         = {21--32},
	Title         = {{Viele Ziele -- Multi-Target Publishing}},
	Year          = {2011}}
